%YAML 1.1
%TAG !u! tag:unity3d.com,2011:
--- !u!1 &166034
GameObject:
  m_ObjectHideFlags: 0
  m_PrefabParentObject: {fileID: 0}
  m_PrefabInternal: {fileID: 100100000}
  serializedVersion: 4
  m_Component:
  - 4: {fileID: 464468}
  - 212: {fileID: 21256584}
  - 58: {fileID: 5848632}
  - 114: {fileID: 11492276}
  m_Layer: 0
  m_Name: clock
  m_TagString: Untagged
  m_Icon: {fileID: 0}
  m_NavMeshLayer: 0
  m_StaticEditorFlags: 0
  m_IsActive: 1
--- !u!4 &464468
Transform:
  m_ObjectHideFlags: 1
  m_PrefabParentObject: {fileID: 0}
  m_PrefabInternal: {fileID: 100100000}
  m_GameObject: {fileID: 166034}
  m_LocalRotation: {x: 0, y: 0, z: 0, w: 1}
  m_LocalPosition: {x: 0, y: 0, z: 0}
  m_LocalScale: {x: 1.387465, y: 1.387465, z: 1.387465}
  m_Children: []
  m_Father: {fileID: 0}
  m_RootOrder: 0
--- !u!58 &5848632
CircleCollider2D:
  m_ObjectHideFlags: 1
  m_PrefabParentObject: {fileID: 0}
  m_PrefabInternal: {fileID: 100100000}
  m_GameObject: {fileID: 166034}
  m_Enabled: 1
  m_Material: {fileID: 0}
  m_IsTrigger: 0
  m_UsedByEffector: 0
  m_Offset: {x: 0, y: 0}
  serializedVersion: 2
  m_Radius: 1.64999998
--- !u!114 &11492276
MonoBehaviour:
  m_ObjectHideFlags: 1
  m_PrefabParentObject: {fileID: 0}
  m_PrefabInternal: {fileID: 100100000}
  m_GameObject: {fileID: 166034}
  m_Enabled: 1
  m_EditorHideFlags: 0
  m_Script: {fileID: 11500000, guid: 6f39c1c873cb7b441a48e76cc18a80d7, type: 3}
  m_Name: 
  m_EditorClassIdentifier: 
  sprite1: {fileID: 21300000, guid: b63c79f537c236e40b51caeeb52fbc24, type: 3}
  sprite2: {fileID: 21300000, guid: d72fa9f8d2f66a7418b7f43309be02b9, type: 3}
  opened: 0
  text: {fileID: 112128, guid: 1583ff0c1601b9046aa288a634083fe4, type: 2}
  text2: {fileID: 190656, guid: c2b0db67921b891468c5b946d8be1b81, type: 2}
--- !u!212 &21256584
SpriteRenderer:
  m_ObjectHideFlags: 1
  m_PrefabParentObject: {fileID: 0}
  m_PrefabInternal: {fileID: 100100000}
  m_GameObject: {fileID: 166034}
  m_Enabled: 1
  m_CastShadows: 0
  m_ReceiveShadows: 0
  m_Materials:
  - {fileID: 10754, guid: 0000000000000000e000000000000000, type: 0}
  m_SubsetIndices: 
  m_StaticBatchRoot: {fileID: 0}
  m_UseLightProbes: 0
  m_ReflectionProbeUsage: 0
  m_ProbeAnchor: {fileID: 0}
  m_ScaleInLightmap: 1
  m_PreserveUVs: 0
  m_ImportantGI: 0
  m_AutoUVMaxDistance: .5
  m_AutoUVMaxAngle: 89
  m_LightmapParameters: {fileID: 0}
  m_SortingLayerID: 0
  m_SortingOrder: 0
  m_Sprite: {fileID: 21300000, guid: b63c79f537c236e40b51caeeb52fbc24, type: 3}
  m_Color: {r: 1, g: 1, b: 1, a: 1}
--- !u!1001 &100100000
Prefab:
  m_ObjectHideFlags: 1
  serializedVersion: 2
  m_Modification:
    m_TransformParent: {fileID: 0}
    m_Modifications:
    - target: {fileID: 0}
      propertyPath: m_LocalScale.x
      value: 1.387465
      objectReference: {fileID: 0}
    - target: {fileID: 0}
      propertyPath: m_LocalScale.y
      value: 1.387465
      objectReference: {fileID: 0}
    - target: {fileID: 0}
      propertyPath: m_LocalScale.z
      value: 1.387465
      objectReference: {fileID: 0}
    - target: {fileID: 0}
      propertyPath: sprite1
      value: 
      objectReference: {fileID: 21300000, guid: b63c79f537c236e40b51caeeb52fbc24,
        type: 3}
    - target: {fileID: 0}
      propertyPath: sprite2
      value: 
      objectReference: {fileID: 21300000, guid: d72fa9f8d2f66a7418b7f43309be02b9,
        type: 3}
    - target: {fileID: 0}
      propertyPath: m_LocalPosition.x
      value: 0
      objectReference: {fileID: 0}
    - target: {fileID: 0}
      propertyPath: text
      value: 
      objectReference: {fileID: 112128, guid: 1583ff0c1601b9046aa288a634083fe4, type: 2}
    - target: {fileID: 0}
      propertyPath: text2
      value: 
      objectReference: {fileID: 190656, guid: c2b0db67921b891468c5b946d8be1b81, type: 2}
    m_RemovedComponents: []
  m_ParentPrefab: {fileID: 0}
  m_RootGameObject: {fileID: 166034}
  m_IsPrefabParent: 1
