%YAML 1.1
%TAG !u! tag:unity3d.com,2011:
--- !u!1 &146488
GameObject:
  m_ObjectHideFlags: 0
  m_PrefabParentObject: {fileID: 0}
  m_PrefabInternal: {fileID: 100100000}
  serializedVersion: 4
  m_Component:
  - 4: {fileID: 410826}
  - 212: {fileID: 21261512}
  - 65: {fileID: 6599060}
  - 114: {fileID: 11432704}
  m_Layer: 0
  m_Name: closet_closed
  m_TagString: Untagged
  m_Icon: {fileID: 0}
  m_NavMeshLayer: 0
  m_StaticEditorFlags: 0
  m_IsActive: 1
--- !u!4 &410826
Transform:
  m_ObjectHideFlags: 1
  m_PrefabParentObject: {fileID: 0}
  m_PrefabInternal: {fileID: 100100000}
  m_GameObject: {fileID: 146488}
  m_LocalRotation: {x: 0, y: 0, z: 0, w: 1}
  m_LocalPosition: {x: 0, y: 0, z: 0}
  m_LocalScale: {x: 1.47483397, y: 1.47483397, z: 1.47483397}
  m_Children: []
  m_Father: {fileID: 0}
  m_RootOrder: 0
--- !u!65 &6599060
BoxCollider:
  m_ObjectHideFlags: 1
  m_PrefabParentObject: {fileID: 0}
  m_PrefabInternal: {fileID: 100100000}
  m_GameObject: {fileID: 146488}
  m_Material: {fileID: 0}
  m_IsTrigger: 0
  m_Enabled: 1
  serializedVersion: 2
  m_Size: {x: 5.42999983, y: 5.30999994, z: .200000003}
  m_Center: {x: 0, y: 0, z: 0}
--- !u!114 &11432704
MonoBehaviour:
  m_ObjectHideFlags: 1
  m_PrefabParentObject: {fileID: 0}
  m_PrefabInternal: {fileID: 100100000}
  m_GameObject: {fileID: 146488}
  m_Enabled: 1
  m_EditorHideFlags: 0
  m_Script: {fileID: 11500000, guid: ef49c01ea06898f4181aec3bd9cff484, type: 3}
  m_Name: 
  m_EditorClassIdentifier: 
  sprite1: {fileID: 21300000, guid: 52038bae006fc3c46ac3385a44052c2a, type: 3}
  sprite2: {fileID: 21300000, guid: a0407ab74cc872546b8957988c79d45b, type: 3}
  spriteRenderer: {fileID: 0}
  text: {fileID: 173036, guid: f9845d315055edc44a865580b7cab176, type: 2}
  text2: {fileID: 133556, guid: 6c6f09782da88844cad9be7d4be35e21, type: 2}
--- !u!212 &21261512
SpriteRenderer:
  m_ObjectHideFlags: 1
  m_PrefabParentObject: {fileID: 0}
  m_PrefabInternal: {fileID: 100100000}
  m_GameObject: {fileID: 146488}
  m_Enabled: 1
  m_CastShadows: 0
  m_ReceiveShadows: 0
  m_Materials:
  - {fileID: 10754, guid: 0000000000000000e000000000000000, type: 0}
  m_SubsetIndices: 
  m_StaticBatchRoot: {fileID: 0}
  m_UseLightProbes: 0
  m_ReflectionProbeUsage: 0
  m_ProbeAnchor: {fileID: 0}
  m_ScaleInLightmap: 1
  m_PreserveUVs: 0
  m_ImportantGI: 0
  m_AutoUVMaxDistance: .5
  m_AutoUVMaxAngle: 89
  m_LightmapParameters: {fileID: 0}
  m_SortingLayerID: 0
  m_SortingOrder: 0
  m_Sprite: {fileID: 21300000, guid: 52038bae006fc3c46ac3385a44052c2a, type: 3}
  m_Color: {r: 1, g: 1, b: 1, a: 1}
--- !u!1001 &100100000
Prefab:
  m_ObjectHideFlags: 1
  serializedVersion: 2
  m_Modification:
    m_TransformParent: {fileID: 0}
    m_Modifications:
    - target: {fileID: 0}
      propertyPath: m_LocalScale.x
      value: 1.47483397
      objectReference: {fileID: 0}
    - target: {fileID: 0}
      propertyPath: m_LocalScale.y
      value: 1.47483397
      objectReference: {fileID: 0}
    - target: {fileID: 0}
      propertyPath: m_LocalScale.z
      value: 1.47483397
      objectReference: {fileID: 0}
    - target: {fileID: 0}
      propertyPath: sprite1
      value: 
      objectReference: {fileID: 21300000, guid: 52038bae006fc3c46ac3385a44052c2a,
        type: 3}
    - target: {fileID: 0}
      propertyPath: sprite2
      value: 
      objectReference: {fileID: 21300000, guid: a0407ab74cc872546b8957988c79d45b,
        type: 3}
    - target: {fileID: 0}
      propertyPath: text
      value: 
      objectReference: {fileID: 173036, guid: f9845d315055edc44a865580b7cab176, type: 2}
    - target: {fileID: 0}
      propertyPath: text2
      value: 
      objectReference: {fileID: 133556, guid: 6c6f09782da88844cad9be7d4be35e21, type: 2}
    m_RemovedComponents: []
  m_ParentPrefab: {fileID: 0}
  m_RootGameObject: {fileID: 146488}
  m_IsPrefabParent: 1
