%YAML 1.1
%TAG !u! tag:unity3d.com,2011:
--- !u!1 &157078
GameObject:
  m_ObjectHideFlags: 0
  m_PrefabParentObject: {fileID: 0}
  m_PrefabInternal: {fileID: 100100000}
  serializedVersion: 4
  m_Component:
  - 4: {fileID: 457666}
  - 212: {fileID: 21257280}
  - 114: {fileID: 11442284}
  - 65: {fileID: 6536370}
  m_Layer: 0
  m_Name: door_broken
  m_TagString: Untagged
  m_Icon: {fileID: 0}
  m_NavMeshLayer: 0
  m_StaticEditorFlags: 0
  m_IsActive: 1
--- !u!4 &457666
Transform:
  m_ObjectHideFlags: 1
  m_PrefabParentObject: {fileID: 0}
  m_PrefabInternal: {fileID: 100100000}
  m_GameObject: {fileID: 157078}
  m_LocalRotation: {x: 0, y: 0, z: 0, w: 1}
  m_LocalPosition: {x: 0, y: 0, z: 0}
  m_LocalScale: {x: 2.60568094, y: 2.60568094, z: 2.60568094}
  m_Children: []
  m_Father: {fileID: 0}
  m_RootOrder: 0
--- !u!65 &6536370
BoxCollider:
  m_ObjectHideFlags: 1
  m_PrefabParentObject: {fileID: 0}
  m_PrefabInternal: {fileID: 100100000}
  m_GameObject: {fileID: 157078}
  m_Material: {fileID: 0}
  m_IsTrigger: 0
  m_Enabled: 1
  serializedVersion: 2
  m_Size: {x: 1.38, y: 3.0999999, z: .200000003}
  m_Center: {x: 0, y: 0, z: 0}
--- !u!114 &11442284
MonoBehaviour:
  m_ObjectHideFlags: 1
  m_PrefabParentObject: {fileID: 0}
  m_PrefabInternal: {fileID: 100100000}
  m_GameObject: {fileID: 157078}
  m_Enabled: 1
  m_EditorHideFlags: 0
  m_Script: {fileID: 11500000, guid: e984ede07cd6bf1479b97f0dcecf9aa6, type: 3}
  m_Name: 
  m_EditorClassIdentifier: 
  text: {fileID: 167808, guid: 24478c25e595d9444b0c76a7fc8a560d, type: 2}
  text2: {fileID: 124988, guid: abfb8dd42c82256429cc83fee6b5b06b, type: 2}
--- !u!212 &21257280
SpriteRenderer:
  m_ObjectHideFlags: 1
  m_PrefabParentObject: {fileID: 0}
  m_PrefabInternal: {fileID: 100100000}
  m_GameObject: {fileID: 157078}
  m_Enabled: 1
  m_CastShadows: 0
  m_ReceiveShadows: 0
  m_Materials:
  - {fileID: 10754, guid: 0000000000000000e000000000000000, type: 0}
  m_SubsetIndices: 
  m_StaticBatchRoot: {fileID: 0}
  m_UseLightProbes: 0
  m_ReflectionProbeUsage: 0
  m_ProbeAnchor: {fileID: 0}
  m_ScaleInLightmap: 1
  m_PreserveUVs: 0
  m_ImportantGI: 0
  m_AutoUVMaxDistance: .5
  m_AutoUVMaxAngle: 89
  m_LightmapParameters: {fileID: 0}
  m_SortingLayerID: 0
  m_SortingOrder: 0
  m_Sprite: {fileID: 21300000, guid: 0f55e4aa98b0e704aae7d0d2a1d4bcf9, type: 3}
  m_Color: {r: 1, g: 1, b: 1, a: 1}
--- !u!1001 &100100000
Prefab:
  m_ObjectHideFlags: 1
  serializedVersion: 2
  m_Modification:
    m_TransformParent: {fileID: 0}
    m_Modifications:
    - target: {fileID: 0}
      propertyPath: m_LocalScale.x
      value: 2.60568094
      objectReference: {fileID: 0}
    - target: {fileID: 0}
      propertyPath: m_LocalScale.y
      value: 2.60568094
      objectReference: {fileID: 0}
    - target: {fileID: 0}
      propertyPath: m_LocalScale.z
      value: 2.60568094
      objectReference: {fileID: 0}
    - target: {fileID: 0}
      propertyPath: sprite1
      value: 
      objectReference: {fileID: 21300000, guid: 0f55e4aa98b0e704aae7d0d2a1d4bcf9,
        type: 3}
    - target: {fileID: 0}
      propertyPath: sprite2
      value: 
      objectReference: {fileID: 21300000, guid: 6599b00df667fdf4d99a816d53f563a1,
        type: 3}
    - target: {fileID: 0}
      propertyPath: text
      value: 
      objectReference: {fileID: 167808, guid: 24478c25e595d9444b0c76a7fc8a560d, type: 2}
    - target: {fileID: 0}
      propertyPath: text2
      value: 
      objectReference: {fileID: 124988, guid: abfb8dd42c82256429cc83fee6b5b06b, type: 2}
    m_RemovedComponents: []
  m_ParentPrefab: {fileID: 0}
  m_RootGameObject: {fileID: 157078}
  m_IsPrefabParent: 1
